<?xml version="1.0" encoding="UTF-8"?><collection xmlns="http://www.loc.gov/MARC21/slim"><record><leader>00316nam--2200121-i-4500</leader><controlfield tag="001">000043734</controlfield><controlfield tag="002">20161230</controlfield><controlfield tag="005">20161230201044</controlfield><controlfield tag="008">060222s1000------------r-----000-0-eng-d</controlfield><datafield ind1=" " ind2=" " tag="080"><subfield code="a">54-16</subfield></datafield><datafield ind1=" " ind2=" " tag="245"><subfield code="a">Structure et topochimie des solides mineraux</subfield></datafield><datafield ind1=" " ind2=" " tag="260"><subfield code="a">Saclay, Centre D`Etides Nucleaires, 1963, 88p</subfield></datafield><datafield ind1=" " ind2=" " tag="852"><subfield code="a">25767</subfield></datafield></record></collection>